@Manual{Zebrobus,
  title = {ZebroBus Standard Specification},
  author = {Piet de Vaere and Dani\"el Booms},
  organization = {The Zebro Project},
  year = {2016},
  month = {june},
  edition = {v1}
}

@misc{communication,
  author = {Marck Wolleswinkel and Ronald Schotman},
  title = {Localization and Communication module for DeciZebros},
  institution = {Technische Universiteit Delft},
  organization = {Technische Universiteit Delft},
  year = {2017},
}

@misc{processing,
  author = {Jonas Carpay and Mitchel Chandi},
  title = {Intra-swarm localization from noisy distance measurements},
  institution = {Technische Universiteit Delft},
  organization = {Technische Universiteit Delft},
  year = {2017},
}

@Manual{DeciSpecs,
  title = {DeciZebro module interface specifications},
  organization = {The Zebro Project},
  year = {2017},
}

@misc{Ekberg2009,
           month = {August},
           title = {Swarm-Intelligent Localization},
          author = {P. Ekberg},
            year = {2009},
             url = {http://uu.diva-portal.org/smash/get/diva2:233958/FULLTEXT01.pdf},
       }


@book{Kuriakose2014,
        title={A Review on Localization in Wireless Sensor Networks},
        author={Kuriakose, Jeril
        and Joshi, Sandeep
        and Vikram Raju, R.
        and Kilaru, Aravind},
        year={2014},
        publisher={Springer International Publishing},
        pages={599--610},
        url={https://link.springer.com/chapter/10.1007\%2F978-3-319-04960-1\_52}
}


@ARTICLE{Hsieh1996,
        author={Guan-Chyan Hsieh, James C. Hung},
        journal={IEEE Transactions on Industrial Electronics},
        title={Phase-Locked Loop Techniques - A Survey},
        year={1996},
        volume={43},
        number={6},
        pages={609-615},
        month={December},
        url = {http://www.etc.tuiasi.ro/cin/Downloads/pll/PLL_Survey.pdf},
    }

@ARTICLE{Bhagat2015,
        author={Sarita Bhagat and Mr. Gopalakrishnan},
        journal={International Journal of Engineering Research and General Science},
        title={High Speed Peak detection},
        year={2015},
        volume={3},
        number={6},
        pages={442-446},
        keywords={Peak Detection, voltage drop, Analog switch, Reverse capacitance, depletion region, negative saturation, feedback},
        ISSN={2091-2730},
        month={Dec},
        url = {http://pnrsolution.org/Datacenter/Vol3/Issue6/52.pdf},
    }

@ARTICLE{Forno2005,
        author={F. Forno and G. Malnati and G. Portelli},
        journal={IEE Proceedings - Software},
        title={Design and implementation of a Bluetooth ad hoc network for indoor positioning},
        year={2005},
        volume={152},
        number={5},
        pages={223-228},
        keywords={Bluetooth;Global Positioning System;ad hoc networks;indoor radio;telecommunication network planning;wireless sensor networks;Bluetooth ad hoc network design;Bluetooth sensors;centralised positioning system;context-sensitive    services;cyclic power levels;handheld devices;indoor positioning scalable architecture},
        doi={10.1049/ip-sen:20045027},
        ISSN={1462-5970},
        month={Oct},
    }

@misc{Rodriguez,

           title = {In-building location using Bluetooth},
          author = {M. Rodriguez and J. P. Pece and C. J. Escudero},

             url = {http://www.ctr.kcl.ac.uk/IWWAN2005/papers/65.pdf},
       }


@misc{Scheerens2012,
           month = {January},
           title = {Practical indoor localization using bluetooth},
          author = {Daan {Scheerens}},
            year = {2012},
             url = {http://essay.utwente.nl/61496/},
       }

@misc{Dahlgren2014,
           month = {June},
           title = {Evaluation of indoor positioning based on Bluetooth Smart technology},
          author = {E.Dahlgren and H. Mahmood},
            year = {2014},
             url = {https://goo.gl/KYPhUO},
       }

@article {Min2016,
        author = {Min, Byung-Cheol and Matson, Eric T. and Jung, Jin-Woo},
        title = {Active Antenna Tracking System with Directional Antennas for Enhancing Wireless Communication Capabilities of a Networked Robotic System},
        journal = {Journal of Field Robotics},
        volume = {33},
        number = {3},
        issn = {1556-4967},
        url = {http://dx.doi.org/10.1002/rob.21602},
        doi = {10.1002/rob.21602},
        pages = {391--406},
        year = {2016},
    }

@inproceedings{Peng2007,
        author = {Peng, Chunyi and Shen, Guobin and Zhang, Yongguang and Li, Yanlin and Tan, Kun},
        title = {BeepBeep: A High Accuracy Acoustic Ranging System Using {COTS} Mobile Devices},
        booktitle = {Proceedings of the 5th International Conference on Embedded Networked Sensor Systems},
        series = {SenSys '07},
        year = {2007},
        isbn = {978-1-59593-763-6},
        location = {Sydney, Australia},
        pages = {1--14},
        numpages = {14},
        url = {http://doi.acm.org/10.1145/1322263.1322265},
        doi = {10.1145/1322263.1322265},
        acmid = {1322265},
        publisher = {ACM},
        address = {New York, NY, USA},
        keywords = {acoustic ranging, localization, proximity detection, ranging, ranging systems},
    }


@ARTICLE{Pugh2009,
        author={J. Pugh and X. Raemy and C. Favre and R. Falconi and A. Martinoli},
        journal={IEEE/ASME Transactions on Mechatronics},
        title={A Fast Onboard Relative Positioning Module for Multirobot Systems},
        year={2009},
        volume={14},
        number={2},
        pages={151-162},
        keywords={carrier sense multiple access;mobile robots;multi-robot systems;position control;carrier sense multiple access protocol;high-frequency-modulated infrared emission;miniature mobile robot;multirobot system;onboard relative positioning module;Control systems;mechatronics;mobile robots;positioning systems}, doi={10.1109/TMECH.2008.2011810},
        ISSN={1083-4435},
        month={April},
    }


@misc{Priyantha2000,
        month = {August},
        title = {The Cricket Location-Support System},
        author = {N. B. Priyantha and A. Chakraborty and H. Balakrishnan},
        year = {2000},
        url = {http://nms.lcs.mit.edu/papers/cricket.pdf},
    }

@misc{Priyantha2005,
        month = {June},
        title = {The Cricket Indoor Location System},
        author = {N. B. Priyantha},
        year = {2005},
        url = {http://nms.csail.mit.edu/papers/bodhi-thesis.pdf},
       }

@misc{Balakrishnan2003,
        month = {November},
        title = {Lessons from Developing and Deploying the Cricket Indoor
        Location System},
        author = {Hari Balakrishnan and Roshan Baliga and Dorothy Curtis and Michel Goraczko and Allen Miu and
        Bodhi Priyantha and Adam Smith and Ken Steele and Seth Tellerand Kevin Wang},
        year = {2003},
        url = {http://cricket.csail.mit.edu/V1Exp.pdf},
       }

@misc{Smith2005,
        month = {June},
        title = {Tracking Moving Devices with the Cricket Location System},
        author = {A. Smith and H. Balakrishnan and M. Goraczko and N. Priyantha},
        year = {2004},
        url = {http://nms.csail.mit.edu/papers/tracking\_mobisys04.pdf},
       }

@misc{Claycomb1992,
        title = {Omni-directional ultrasonic transducer for robotic
        navigation},
        author = {R. W. Claycomb},
        year = {1992},
        url = {http://preserve.lehigh.edu/etd/68/},
       }

@misc{Ultratool,
         title = {Ray optics simulation tool},
         year = {2017},
         url = {https://ricktu288.github.io/ray-optics/simulator/},
       }

@misc{Falstad,
        title = {Falstad circuit simulation applet},
        year = {2017},
        url = {http://www.falstad.com/circuit/},
       }

@misc{LM741,
       title = {LM741 Operational Amplifier},
       year = {2017} ,
       url = {http://www.ti.com/lit/ds/symlink/lm741.pdf},
       }


@misc{MIC4428,
       title = {MIC4428, Dual 1.5A-Peak Low-Side MOSFET Driver},
       year = {2017} ,
       url = {http://ww1.microchip.com/downloads/en/DeviceDoc/mic4426.pdf},
       }

@misc{LF353,
      title = {LF353-NWideBandwidthDual JFETInput Operational Amplifier},
      year = {2017} ,
      url = {http://www.ti.com/lit/ds/symlink/lf353-n.pdf},
       }
